@misc{gromovwasserstein,
      title={Gromov-Wasserstein Alignment of Word Embedding Spaces}, 
      author={David Alvarez-Melis and Tommi S. Jaakkola},
      year={2018},
      eprint={1809.00013},
      archivePrefix={arXiv},
      primaryClass={cs.CL}
}

@misc{WassersteinGAN,
      title={Wasserstein GAN}, 
      author={Martin Arjovsky and Soumith Chintala and Léon Bottou},
      year={2017},
      eprint={1701.07875},
      archivePrefix={arXiv},
      primaryClass={stat.ML}
}

@misc{magan,
      title={MAGAN: Aligning Biological Manifolds}, 
      author={Matthew Amodio and Smita Krishnaswamy},
      year={2018},
      eprint={1803.00385},
      archivePrefix={arXiv},
      primaryClass={cs.CV}
}

@article{LaplacianEigenmaps,
author = {Belkin, Mikhail and Niyogi, Partha},
title = {Laplacian Eigenmaps for Dimensionality Reduction and Data Representation},
year = {2003},
issue_date = {June 2003},
publisher = {MIT Press},
address = {Cambridge, MA, USA},
volume = {15},
number = {6},
issn = {0899-7667},
url = {https://doi.org/10.1162/089976603321780317},
doi = {10.1162/089976603321780317},
journal = {Neural Comput.},
month = jun,
pages = {1373–1396},
numpages = {24}
}



@article{pyro,
author = {Bingham, Eli and Chen, Jonathan P. and Jankowiak, Martin and Obermeyer, Fritz and Pradhan, Neeraj and Karaletsos, Theofanis and Singh, Rohit and Szerlip, Paul and Horsfall, Paul and Goodman, Noah D.},
title = {Pyro: Deep Universal Probabilistic Programming},
year = {2019},
issue_date = {January 2019},
publisher = {JMLR.org},
volume = {20},
number = {1},
issn = {1532-4435},
month = jan,
pages = {973–978},
numpages = {6},
keywords = {deep learning, graphical models, probabilistic programming, approximate Bayesian inference, generative models}
}

@article{LDA,
author = {Blei, David M. and Ng, Andrew Y. and Jordan, Michael I.},
title = {Latent Dirichlet Allocation},
year = {2003},
issue_date = {3/1/2003},
publisher = {JMLR.org},
volume = {3},
number = {null},
issn = {1532-4435},
journal = {J. Mach. Learn. Res.},
month = mar,
pages = {993–1022},
numpages = {30}
}

﻿@Article{CoocurrenceVisionLanguage2021,
author={Bonner, Michael F.
and Epstein, Russell A.},
title={Object representations in the human brain reflect the co-occurrence statistics of vision and language},
journal={Nature Communications},
year={2021},
month={Jul},
day={02},
volume={12},
number={1},
pages={4081},
issn={2041-1723},
doi={10.1038/s41467-021-24368-2},
url={https://doi.org/10.1038/s41467-021-24368-2}
}



@misc{blundell2015weight,
      title={Weight Uncertainty in Neural Networks}, 
      author={Charles Blundell and Julien Cornebise and Koray Kavukcuoglu and Daan Wierstra},
      year={2015},
      eprint={1505.05424},
      archivePrefix={arXiv},
      primaryClass={stat.ML}
}

@book{ManifoldLearningTheoryAndApplications,
author = {Wang, Chang and Krafftm Peter and Mahadevan, Sridhar},
title = {Manifold Learning Theory and Applications},
year = {2011},
isbn = {1439871094},
publisher = {CRC Press, Inc.},
address = {USA},
edition = {1st},
}


@inproceedings{ManifoldAlignmentProcrustes,
author = {Wang, Chang and Mahadevan, Sridhar},
title = {Manifold Alignment Using Procrustes Analysis},
year = {2008},
isbn = {9781605582054},
publisher = {Association for Computing Machinery},
address = {New York, NY, USA},
url = {https://doi.org/10.1145/1390156.1390297},
doi = {10.1145/1390156.1390297},
booktitle = {Proceedings of the 25th International Conference on Machine Learning},
pages = {1120–1127},
numpages = {8},
location = {Helsinki, Finland},
series = {ICML '08}
}

@article{ProbabilisticEmbeddingsCrossModal,
  author    = {Sanghyuk Chun and
               Seong Joon Oh and
               Rafael Sampaio de Rezende and
               Yannis Kalantidis and
               Diane Larlus},
  title     = {Probabilistic Embeddings for Cross-Modal Retrieval},
  journal   = {CoRR},
  volume    = {abs/2101.05068},
  year      = {2021},
  url       = {https://arxiv.org/abs/2101.05068},
  archivePrefix = {arXiv},
  eprint    = {2101.05068},
  timestamp = {Fri, 22 Jan 2021 15:16:00 +0100},
  biburl    = {https://dblp.org/rec/journals/corr/abs-2101-05068.bib},
  bibsource = {dblp computer science bibliography, https://dblp.org}
}


@misc{wordtranslationwithoutparalleldata,
      title={Word Translation Without Parallel Data}, 
      author={Alexis Conneau and Guillaume Lample and Marc'Aurelio Ranzato and Ludovic Denoyer and Hervé Jégou},
      year={2018},
      eprint={1710.04087},
      archivePrefix={arXiv},
      primaryClass={cs.CL}
}

@misc{torchtwosample,
      title={Learning Implicit Generative Models Using Differentiable Graph Tests}, 
      author={Josip Djolonga and Andreas Krause},
      year={2017},
      eprint={1709.01006},
      archivePrefix={arXiv},
      primaryClass={stat.ML}
}

@article{pytorchlightning,
  title={PyTorch Lightning},
  author={Falcon, WA, et al.},
  journal={GitHub. Note: https://github.com/PyTorchLightning/pytorch-lightning},
  volume={3},
  year={2019}
}

@Article{Fan2016,
author={Fan, Ke
and Mian, Ajmal
and Liu, Wanquan
and Li, Ling},
title={Unsupervised manifold alignment using soft-assign technique},
journal={Machine Vision and Applications},
year={2016},
month={Aug},
day={01},
volume={27},
number={6},
pages={929-942},
issn={1432-1769},
doi={10.1007/s00138-016-0772-8},
url={https://doi.org/10.1007/s00138-016-0772-8}
}

@book{GraphIsomorphismNPHard,
author = {Garey, Michael R. and Johnson, David S.},
title = {Computers and Intractability; A Guide to the Theory of NP-Completeness},
year = {1990},
isbn = {0716710455},
publisher = {W. H. Freeman & Co.},
address = {USA}
}

@article{Goodall1991ProcrustesMI,
  title={Procrustes methods in the statistical analysis of shape},
  author={C. Goodall},
  journal={Journal of the royal statistical society series b-methodological},
  year={1991},
  volume={53},
  pages={285-321}
}


@INPROCEEDINGS{audioset,
  author={Gemmeke, Jort F. and Ellis, Daniel P. W. and Freedman, Dylan and Jansen, Aren and Lawrence, Wade and Moore, R. Channing and Plakal, Manoj and Ritter, Marvin},
  booktitle={2017 IEEE International Conference on Acoustics, Speech and Signal Processing (ICASSP)}, 
  title={Audio Set: An ontology and human-labeled dataset for audio events}, 
  year={2017},
  volume={},
  number={},
  pages={776-780},
  doi={10.1109/ICASSP.2017.7952261}}

@article{GOLDSTONE2002295,
title = {Using relations within conceptual systems to translate across conceptual systems},
journal = {Cognition},
volume = {84},
number = {3},
pages = {295-320},
year = {2002},
issn = {0010-0277},
doi = {https://doi.org/10.1016/S0010-0277(02)00053-7},
url = {https://www.sciencedirect.com/science/article/pii/S0010027702000537},
author = {Robert L. Goldstone and Brian J. Rogosky},
keywords = {Concepts, Meaning, Symbol grounding, Conceptual-role semantics, Translation, Neural networks},
}

@Book{deeplearninggoodfellow,
  Title                    = {Deep Learning},
  Author                   = {Ian J. Goodfellow and Yoshua Bengio and Aaron Courville},
  Publisher                = {MIT Press},
  Year                     = {2016},

  Address                  = {Cambridge, MA, USA},
  Note                     = {\url{http://www.deeplearningbook.org}}
}

@misc{GAN,
      title={Generative Adversarial Networks}, 
      author={Ian J. Goodfellow and Jean Pouget-Abadie and Mehdi Mirza and Bing Xu and David Warde-Farley and Sherjil Ozair and Aaron Courville and Yoshua Bengio},
      year={2014},
      eprint={1406.2661},
      archivePrefix={arXiv},
      primaryClass={stat.ML}
}

@Article{SecondOrderIsomorphismFaces,
author={Gordon, Ian E.
and Hayward, Sandra},
title={Second-order isomorphism of internal representations of familiar faces},
journal={Perception {\&} Psychophysics},
year={1973},
month={Jun},
day={01},
volume={14},
number={2},
pages={334-336},
issn={1532-5962},
doi={10.3758/BF03212400},
url={https://doi.org/10.3758/BF03212400}
}

@article{UnsupervisedAlignmentWP,
  author    = {Edouard Grave and
               Armand Joulin and
               Quentin Berthet},
  title     = {Unsupervised Alignment of Embeddings with Wasserstein Procrustes},
  journal   = {CoRR},
  volume    = {abs/1805.11222},
  year      = {2018},
  url       = {http://arxiv.org/abs/1805.11222},
  archivePrefix = {arXiv},
  eprint    = {1805.11222},
  timestamp = {Mon, 13 Aug 2018 16:47:42 +0200},
  biburl    = {https://dblp.org/rec/journals/corr/abs-1805-11222.bib},
  bibsource = {dblp computer science bibliography, https://dblp.org}
}


@article{MMDGretton,
author = {Gretton, Arthur and Borgwardt, Karsten M. and Rasch, Malte J. and Sch\"{o}lkopf, Bernhard and Smola, Alexander},
title = {A Kernel Two-Sample Test},
year = {2012},
issue_date = {3/1/2012},
publisher = {JMLR.org},
volume = {13},
number = {null},
issn = {1532-4435},
journal = {J. Mach. Learn. Res.},
month = mar,
pages = {723–773},
numpages = {51},
keywords = {integral probability metric, schema matching, kernel methods, two-sample test, uniform convergence bounds, hypothesis testing}
}


@article{mturk771,
author = {Halawi, Guy and Dror, Gideon and Gabrilovich, Evgeniy and Koren, Yehuda},
year = {2012},
month = {08},
pages = {},
title = {Large-scale learning of word relatedness with constraints},
doi = {10.1145/2339530.2339751}
}

@article {DecodingSecondOrderIsomorphisms,
	author = {Jos{\'e} Hanson, Stephen and Caglar, Leyla Roskan and Hanson, Catherine},
	title = {DECODING SECOND ORDER ISOMORPHISMS IN THE BRAIN: The case of colors and letters},
	elocation-id = {2020.05.04.076703},
	year = {2020},
	doi = {10.1101/2020.05.04.076703},
	publisher = {Cold Spring Harbor Laboratory},
	URL = {https://www.biorxiv.org/content/early/2020/05/05/2020.05.04.076703},
	eprint = {https://www.biorxiv.org/content/early/2020/05/05/2020.05.04.076703.full.pdf},
	journal = {bioRxiv}
}

@article{KnowledgeGraphs,
  author    = {Nicolas Heist and
               Sven Hertling and
               Daniel Ringler and
               Heiko Paulheim},
  title     = {Knowledge Graphs on the Web - an Overview},
  journal   = {CoRR},
  volume    = {abs/2003.00719},
  year      = {2020},
  url       = {https://arxiv.org/abs/2003.00719},
  archivePrefix = {arXiv},
  eprint    = {2003.00719},
  timestamp = {Tue, 10 Mar 2020 13:33:48 +0100},
  biburl    = {https://dblp.org/rec/journals/corr/abs-2003-00719.bib},
  bibsource = {dblp computer science bibliography, https://dblp.org}
}

@misc{kalinowski2020survey,
      title={A Survey of Embedding Space Alignment Methods for Language and Knowledge Graphs}, 
      author={Alexander Kalinowski and Yuan An},
      year={2020},
      eprint={2010.13688},
      archivePrefix={arXiv},
      primaryClass={cs.CL}
}

@misc{kingma2017adam,
      title={Adam: A Method for Stochastic Optimization}, 
      author={Diederik P. Kingma and Jimmy Ba},
      year={2017},
      eprint={1412.6980},
      archivePrefix={arXiv},
      primaryClass={cs.LG}
}

@online{BayesianNN,
author = {Martin Krasser},
year = {2019},
url = {http://krasserm.github.io/2019/03/14/bayesian-neural-networks/},
urldate={2021-06-03}
}

@Article{RepresentationalSimilarityAnalysis,
author={Kriegeskorte, Nikolaus
and Mur, Marieke
and Bandettini, Peter},
title={Representational similarity analysis - connecting the branches of systems neuroscience},
journal={Frontiers in systems neuroscience},
year={2008},
month={Nov},
day={24},
publisher={Frontiers Research Foundation},
volume={2},
pages={4-4},
keywords={computational modeling; electrophysiology; fMRI; population code; representation; similarity},
note={19104670[pmid]},
note={PMC2605405[pmcid]},
issn={1662-5137},
doi={10.3389/neuro.06.004.2008},
url={https://pubmed.ncbi.nlm.nih.gov/19104670},
url={https://doi.org/10.3389/neuro.06.004.2008},
language={eng}
}



@article{visualgenome,
  author    = {Ranjay Krishna and
               Yuke Zhu and
               Oliver Groth and
               Justin Johnson and
               Kenji Hata and
               Joshua Kravitz and
               Stephanie Chen and
               Yannis Kalantidis and
               Li{-}Jia Li and
               David A. Shamma and
               Michael S. Bernstein and
               Fei{-}Fei Li},
  title     = {Visual Genome: Connecting Language and Vision Using Crowdsourced Dense
               Image Annotations},
  journal   = {CoRR},
  volume    = {abs/1602.07332},
  year      = {2016},
  url       = {http://arxiv.org/abs/1602.07332},
  archivePrefix = {arXiv},
  eprint    = {1602.07332},
  timestamp = {Sat, 19 Oct 2019 16:30:04 +0200},
  biburl    = {https://dblp.org/rec/journals/corr/KrishnaZGJHKCKL16.bib},
  bibsource = {dblp computer science bibliography, https://dblp.org}
}

@article{openimages,
  author    = {Alina Kuznetsova and
               Hassan Rom and
               Neil Alldrin and
               Jasper R. R. Uijlings and
               Ivan Krasin and
               Jordi Pont{-}Tuset and
               Shahab Kamali and
               Stefan Popov and
               Matteo Malloci and
               Tom Duerig and
               Vittorio Ferrari},
  title     = {The Open Images Dataset {V4:} Unified image classification, object
               detection, and visual relationship detection at scale},
  journal   = {CoRR},
  volume    = {abs/1811.00982},
  year      = {2018},
  url       = {http://arxiv.org/abs/1811.00982},
  archivePrefix = {arXiv},
  eprint    = {1811.00982},
  timestamp = {Thu, 22 Nov 2018 17:58:30 +0100},
  biburl    = {https://dblp.org/rec/journals/corr/abs-1811-00982.bib},
  bibsource = {dblp computer science bibliography, https://dblp.org}
}

@article{LARKEY2003781,
title = {CAB: Connectionist Analogy Builder},
journal = {Cognitive Science},
volume = {27},
number = {5},
pages = {781-794},
year = {2003},
issn = {0364-0213},
doi = {https://doi.org/10.1016/S0364-0213(03)00066-1},
url = {https://www.sciencedirect.com/science/article/pii/S0364021303000661},
author = {Levi B. Larkey and Bradley C. Love},
keywords = {Cognitive modeling, Analogy, Connectionism, Psychology, Artificial Intelligence, Knowledge representation},
}

@article{Cyc,
author = {Lenat, Douglas B.},
title = {CYC: A Large-Scale Investment in Knowledge Infrastructure},
year = {1995},
issue_date = {Nov. 1995},
publisher = {Association for Computing Machinery},
address = {New York, NY, USA},
volume = {38},
number = {11},
issn = {0001-0782},
url = {https://doi.org/10.1145/219717.219745},
doi = {10.1145/219717.219745},
journal = {Commun. ACM},
month = nov,
pages = {33–38},
numpages = {6}
}

@misc{JointWassersteinAutoencoders,
      title={Joint Wasserstein Autoencoders for Aligning Multimodal Embeddings}, 
      author={Shweta Mahajan and Teresa Botschen and Iryna Gurevych and Stefan Roth},
      year={2019},
      eprint={1909.06635},
      archivePrefix={arXiv},
      primaryClass={cs.CV}
}

@InCollection{stanfordconcepts,
	author       =	{Margolis, Eric and Laurence, Stephen},
	title        =	{{Concepts}},
	booktitle    =	{The {Stanford} Encyclopedia of Philosophy},
	editor       =	{Edward N. Zalta},
	howpublished =	{\url{https://plato.stanford.edu/archives/spr2021/entries/concepts/}},
	year         =	{2021},
	edition      =	{{S}pring 2021},
	publisher    =	{Metaphysics Research Lab, Stanford University}
}

@misc{word2vec,
      title={Efficient Estimation of Word Representations in Vector Space}, 
      author={Tomas Mikolov and Kai Chen and Greg Corrado and Jeffrey Dean},
      year={2013},
      eprint={1301.3781},
      archivePrefix={arXiv},
      primaryClass={cs.CL}
}

@article{MikolovMachineTranslation,
  author    = {Tom{\'{a}}s Mikolov and
               Quoc V. Le and
               Ilya Sutskever},
  title     = {Exploiting Similarities among Languages for Machine Translation},
  journal   = {CoRR},
  volume    = {abs/1309.4168},
  year      = {2013},
  url       = {http://arxiv.org/abs/1309.4168},
  archivePrefix = {arXiv},
  eprint    = {1309.4168},
  timestamp = {Mon, 28 Dec 2020 11:31:01 +0100},
  biburl    = {https://dblp.org/rec/journals/corr/MikolovLS13.bib},
  bibsource = {dblp computer science bibliography, https://dblp.org}
}

@article{WordNet,
author = {Miller, George A.},
title = {WordNet: A Lexical Database for English},
year = {1995},
issue_date = {Nov. 1995},
publisher = {Association for Computing Machinery},
address = {New York, NY, USA},
volume = {38},
number = {11},
issn = {0001-0782},
url = {https://doi.org/10.1145/219717.219748},
doi = {10.1145/219717.219748},
journal = {Commun. ACM},
month = nov,
pages = {39–41},
numpages = {3}
}



@article{KernelMeanEmbeddingReview,
   title={Kernel Mean Embedding of Distributions: A Review and Beyond},
   volume={10},
   ISSN={1935-8245},
   url={http://dx.doi.org/10.1561/2200000060},
   DOI={10.1561/2200000060},
   number={1-2},
   journal={Foundations and Trends® in Machine Learning},
   publisher={Now Publishers},
   author={Muandet, Krikamol and Fukumizu, Kenji and Sriperumbudur, Bharath and Schölkopf, Bernhard},
   year={2017},
   pages={1–141}
}

@incollection{pytorch,
title = {PyTorch: An Imperative Style, High-Performance Deep Learning Library},
author = {Paszke, Adam and Gross, Sam and Massa, Francisco and Lerer, Adam and Bradbury, James and Chanan, Gregory and Killeen, Trevor and Lin, Zeming and Gimelshein, Natalia and Antiga, Luca and Desmaison, Alban and Kopf, Andreas and Yang, Edward and DeVito, Zachary and Raison, Martin and Tejani, Alykhan and Chilamkurthy, Sasank and Steiner, Benoit and Fang, Lu and Bai, Junjie and Chintala, Soumith},
booktitle = {Advances in Neural Information Processing Systems 32},
editor = {H. Wallach and H. Larochelle and A. Beygelzimer and F. d\textquotesingle Alch\'{e}-Buc and E. Fox and R. Garnett},
pages = {8024--8035},
year = {2019},
publisher = {Curran Associates, Inc.},
url = {http://papers.neurips.cc/paper/9015-pytorch-an-imperative-style-high-performance-deep-learning-library.pdf}
}

@inproceedings{pennington2014glove,
  author = {Jeffrey Pennington and Richard Socher and Christopher D. Manning},
  booktitle = {Empirical Methods in Natural Language Processing (EMNLP)},
  title = {GloVe: Global Vectors for Word Representation},
  year = {2014},
  pages = {1532--1543},
  url = {http://www.aclweb.org/anthology/D14-1162},
}

@book{Pinker2007,
  author = {Steven Pinker},
  title = {The Language Instinct (1994/2007)},
  year = {2007},
  publisher = {New York, NY: Harper Perennial Modern Classics.},
}

@article{NatureOfHumanConcepts,
  title={The Nature of Human Concepts/Evidence from an Unusual Source},
  author={S. Pinker and Alan S. Prince},
  journal={Communication and Cognition. Monographies},
  year={1996},
  volume={29},
  pages={307-361}
}

@misc{ranganath2013black,
      title={Black Box Variational Inference}, 
      author={Rajesh Ranganath and Sean Gerrish and David M. Blei},
      year={2013},
      eprint={1401.0118},
      archivePrefix={arXiv},
      primaryClass={stat.ML}
}

@article{PsychologicalEmbedKernelMetric,
author={Roads, Brett D.
and Mozer, Michael C.},
title={Obtaining psychological embeddings through joint kernel and metric learning},
journal={Behavior Research Methods},
year={2019},
month={Oct},
day={01},
volume={51},
number={5},
pages={2180-2193},
issn={1554-3528},
doi={10.3758/s13428-019-01285-3},
url={https://doi.org/10.3758/s13428-019-01285-3}
}


@article{RoadsLoveCVPR,
  author    = {Brett D. Roads and
               Bradley C. Love},
  title     = {Enriching ImageNet with Human Similarity Judgments and Psychological
               Embeddings},
  journal   = {CoRR},
  volume    = {abs/2011.11015},
  year      = {2020},
  url       = {https://arxiv.org/abs/2011.11015},
  archivePrefix = {arXiv},
  eprint    = {2011.11015},
  timestamp = {Wed, 25 Nov 2020 17:55:02 +0100},
  biburl    = {https://dblp.org/rec/journals/corr/abs-2011-11015.bib},
  bibsource = {dblp computer science bibliography, https://dblp.org}
}

@Article{RoadsLoveNatureMachineIntelligence,
author={Roads, Brett D.
and Love, Bradley C.},
title={Learning as the unsupervised alignment of conceptual systems},
journal={Nature Machine Intelligence},
year={2020},
month={Jan},
day={01},
volume={2},
number={1},
pages={76-82},
issn={2522-5839},
doi={10.1038/s42256-019-0132-2},
url={https://doi.org/10.1038/s42256-019-0132-2}
}

@article{OverviewMultiTaskLearning,
  title={An overview of multi-task learning in deep neural networks},
  author={Ruder, Sebastian},
  journal={arXiv preprint arXiv:1706.05098},
  year={2017}
}

@inproceedings{ObjectRecognitionSceneAlignment,
  title={Object Recognition by Scene Alignment},
  author={Bryan C. Russell and A. Torralba and Ce Liu and R. Fergus and W. Freeman},
  booktitle={NIPS},
  year={2007}
}


@article{ImprovedTechniquesTrainingGANS,
  author    = {Tim Salimans and
               Ian J. Goodfellow and
               Wojciech Zaremba and
               Vicki Cheung and
               Alec Radford and
               Xi Chen},
  title     = {Improved Techniques for Training GANs},
  journal   = {CoRR},
  volume    = {abs/1606.03498},
  year      = {2016},
  url       = {http://arxiv.org/abs/1606.03498},
  archivePrefix = {arXiv},
  eprint    = {1606.03498},
  timestamp = {Sun, 16 Sep 2018 14:17:04 +0200},
  biburl    = {https://dblp.org/rec/journals/corr/SalimansGZCRC16.bib},
  bibsource = {dblp computer science bibliography, https://dblp.org}
}


@article{SHEPARD19701,
title = {Second-order isomorphism of internal representations: Shapes of states},
journal = {Cognitive Psychology},
volume = {1},
number = {1},
pages = {1-17},
year = {1970},
issn = {0010-0285},
doi = {https://doi.org/10.1016/0010-0285(70)90002-2},
url = {https://www.sciencedirect.com/science/article/pii/0010028570900022},
author = {Roger N Shepard and Susan Chipman},
}

@article{STANSBURY20131025,
title = {Natural Scene Statistics Account for the Representation of Scene Categories in Human Visual Cortex},
journal = {Neuron},
volume = {79},
number = {5},
pages = {1025-1034},
year = {2013},
issn = {0896-6273},
doi = {https://doi.org/10.1016/j.neuron.2013.06.034},
url = {https://www.sciencedirect.com/science/article/pii/S0896627313005503},
author = {Dustin E. Stansbury and Thomas Naselaris and Jack L. Gallant},
}

@article{DeepMultimodalEmbedding,
  author    = {Jaeyong Sung and
               Ian Lenz and
               Ashutosh Saxena},
  title     = {Deep Multimodal Embedding: Manipulating Novel Objects with Point-clouds,
               Language and Trajectories},
  journal   = {CoRR},
  volume    = {abs/1509.07831},
  year      = {2015},
  url       = {http://arxiv.org/abs/1509.07831},
  archivePrefix = {arXiv},
  eprint    = {1509.07831},
  timestamp = {Mon, 13 Aug 2018 16:48:55 +0200},
  biburl    = {https://dblp.org/rec/journals/corr/SungLS15.bib},
  bibsource = {dblp computer science bibliography, https://dblp.org}
}

@article{energystatistics,
title = {Energy statistics: A class of statistics based on distances},
journal = {Journal of Statistical Planning and Inference},
volume = {143},
number = {8},
pages = {1249-1272},
year = {2013},
issn = {0378-3758},
doi = {https://doi.org/10.1016/j.jspi.2013.03.018},
url = {https://www.sciencedirect.com/science/article/pii/S0378375813000633},
author = {Gábor J. Székely and Maria L. Rizzo},
keywords = {Energy distance, Goodness-of-fit, Multivariate independence, Distance covariance, Distance correlation},
}

@misc{WassersteinAutoencoders,
      title={Wasserstein Auto-Encoders}, 
      author={Ilya Tolstikhin and Olivier Bousquet and Sylvain Gelly and Bernhard Schoelkopf},
      year={2019},
      eprint={1711.01558},
      archivePrefix={arXiv},
      primaryClass={stat.ML}
}

@article{RobustVisualSemantic,
  author    = {Yao{-}Hung Hubert Tsai and
               Liang{-}Kang Huang and
               Ruslan Salakhutdinov},
  title     = {Learning Robust Visual-Semantic Embeddings},
  journal   = {CoRR},
  volume    = {abs/1703.05908},
  year      = {2017},
  url       = {http://arxiv.org/abs/1703.05908},
  archivePrefix = {arXiv},
  eprint    = {1703.05908},
  timestamp = {Mon, 13 Aug 2018 16:47:12 +0200},
  biburl    = {https://dblp.org/rec/journals/corr/TsaiHS17.bib},
  bibsource = {dblp computer science bibliography, https://dblp.org}
}

@article{TYLER2001244,
title = {Towards a distributed account of conceptual knowledge},
journal = {Trends in Cognitive Sciences},
volume = {5},
number = {6},
pages = {244-252},
year = {2001},
issn = {1364-6613},
doi = {https://doi.org/10.1016/S1364-6613(00)01651-X},
url = {https://www.sciencedirect.com/science/article/pii/S136466130001651X},
author = {Lorraine K. Tyler and Helen E. Moss},
}

@article{tsne,
  attachments = {http://prlab.tudelft.nl/sites/default/files/vandermaaten08a.pdf},
  author = {van der Maaten, Laurens and Hinton, Geoffrey E.},
  biburl = {https://www.bibsonomy.org/bibtex/25fde64f4b6ca95060a329b980a54013f/saos},
  interhash = {d3658497eff9fea21e66bb43320a822a},
  intrahash = {5fde64f4b6ca95060a329b980a54013f},
  journal = {Journal of Machine Learning Research},
  keywords = {dimensionality_reduction visualization},
  pages = {2579-2605},
  timestamp = {2015-04-29T17:59:14.000+0200},
  title = {Visualizing High-Dimensional Data Using t-SNE},
  volume = 9,
  year = 2008
}


@misc{vilnis2015word,
      title={Word Representations via Gaussian Embedding}, 
      author={Luke Vilnis and Andrew McCallum},
      year={2015},
      eprint={1412.6623},
      archivePrefix={arXiv},
      primaryClass={cs.CL}
}

@misc{wingate2013automated,
      title={Automated Variational Inference in Probabilistic Programming}, 
      author={David Wingate and Theophane Weber},
      year={2013},
      eprint={1301.1299},
      archivePrefix={arXiv},
      primaryClass={stat.ML}
}

@article{UnsupervisedCrossLingualTransfer,
  author    = {Ruochen Xu and
               Yiming Yang and
               Naoki Otani and
               Yuexin Wu},
  title     = {Unsupervised Cross-lingual Transfer of Word Embedding Spaces},
  journal   = {CoRR},
  volume    = {abs/1809.03633},
  year      = {2018},
  url       = {http://arxiv.org/abs/1809.03633},
  archivePrefix = {arXiv},
  eprint    = {1809.03633},
  timestamp = {Fri, 05 Oct 2018 11:34:52 +0200},
  biburl    = {https://dblp.org/rec/journals/corr/abs-1809-03633.bib},
  bibsource = {dblp computer science bibliography, https://dblp.org}
}


@inproceedings{Zhang2017EarthMD,
  title={Earth Mover’s Distance Minimization for Unsupervised Bilingual Lexicon Induction},
  author={Meng Zhang and Yang Liu and Huanbo Luan and Maosong Sun},
  booktitle={EMNLP},
  year={2017}
}

@article{DensityMatchingWordEmbeddings,
  author    = {Chunting Zhou and
               Xuezhe Ma and
               Di Wang and
               Graham Neubig},
  title     = {Density Matching for Bilingual Word Embedding},
  journal   = {CoRR},
  volume    = {abs/1904.02343},
  year      = {2019},
  url       = {http://arxiv.org/abs/1904.02343},
  archivePrefix = {arXiv},
  eprint    = {1904.02343},
  timestamp = {Wed, 24 Apr 2019 12:21:25 +0200},
  biburl    = {https://dblp.org/rec/journals/corr/abs-1904-02343.bib},
  bibsource = {dblp computer science bibliography, https://dblp.org}
}

@article{CycleGAN,
  author    = {Jun{-}Yan Zhu and
               Taesung Park and
               Phillip Isola and
               Alexei A. Efros},
  title     = {Unpaired Image-to-Image Translation using Cycle-Consistent Adversarial
               Networks},
  journal   = {CoRR},
  volume    = {abs/1703.10593},
  year      = {2017},
  url       = {http://arxiv.org/abs/1703.10593},
  archivePrefix = {arXiv},
  eprint    = {1703.10593},
  timestamp = {Mon, 13 Aug 2018 16:48:06 +0200},
  biburl    = {https://dblp.org/rec/journals/corr/ZhuPIE17.bib},
  bibsource = {dblp computer science bibliography, https://dblp.org}
}
